<record><leader>00000cas a22000007a 4500</leader><controlfield tag="001">15158771</controlfield><controlfield tag="008">870206c18869999pauwr ne      0    0eng d</controlfield><datafield ind1=" " ind2=" " tag="010"><subfield code="a">sn 87078053 </subfield></datafield><datafield ind1=" " ind2=" " tag="040"><subfield code="a">NPH</subfield><subfield code="b">eng</subfield><subfield code="c">NPH</subfield><subfield code="d">OCLCQ</subfield></datafield><datafield ind1=" " ind2=" " tag="042"><subfield code="a">msc</subfield></datafield><datafield ind1="0" ind2="4" tag="245"><subfield code="a">The Leechburgh advance.</subfield></datafield><datafield ind1="3" ind2="0" tag="246"><subfield code="a">Leechburg advance</subfield></datafield><datafield ind1="3" ind2="0" tag="246"><subfield code="a">Advance</subfield></datafield><datafield ind1=" " ind2=" " tag="260"><subfield code="a">Leechburgh, Pa. :</subfield><subfield code="b">Advance Print. Co.</subfield></datafield><datafield ind1=" " ind2=" " tag="300"><subfield code="a">v. ;</subfield><subfield code="c">54-59 cm.</subfield></datafield><datafield ind1=" " ind2=" " tag="310"><subfield code="a">Weekly</subfield></datafield><datafield ind1="1" ind2=" " tag="362"><subfield code="a">Began in 1886?</subfield></datafield><datafield ind1=" " ind2=" " tag="500"><subfield code="a">Title varies slightly: Leechburgh advance, &lt;May 24&gt;-Nov. 22, 1889; Leechburg advance, Nov. 29, 1889-</subfield></datafield><datafield ind1=" " ind2=" " tag="500"><subfield code="a">"Serving the lower Kiski Valley, Leechburg, West Leechburg and Hyde Park boroughs and Gilpin Parks and Allegheny Townships, " &lt;1975&gt;.</subfield></datafield><datafield ind1=" " ind2=" " tag="588"><subfield code="a">Description based on: Vol. 4, no. 33 (May 24, 1889).</subfield></datafield><datafield ind1=" " ind2=" " tag="752"><subfield code="a">United States</subfield><subfield code="b">Pennsylvania</subfield><subfield code="c">Armstrong</subfield><subfield code="d">Leechburg.</subfield></datafield><datafield ind1="0" ind2="0" tag="780"><subfield code="t">Leechburg enterprise</subfield><subfield code="w">(DLC)sn 86053616</subfield></datafield></record>